<?xml version="1.0" encoding="UTF-8"?><collection xmlns="http://www.loc.gov/MARC21/slim"><record><leader>00379nam--2200133-i-4500</leader><controlfield tag="001">000048491</controlfield><controlfield tag="002">20161230</controlfield><controlfield tag="005">20161230201047</controlfield><controlfield tag="008">060222s1000------------r-----000-0-eng-d</controlfield><datafield ind1=" " ind2=" " tag="080"><subfield code="a">541.64</subfield></datafield><datafield ind1=" " ind2=" " tag="100"><subfield code="a">Rabek, Jan F</subfield></datafield><datafield ind1=" " ind2=" " tag="245"><subfield code="a">Experimantal methods in polymer chemistry. physical principles and applications</subfield></datafield><datafield ind1=" " ind2=" " tag="260"><subfield code="a">New York, John Wiley &amp; Sons, 1980, Xxv+861p</subfield></datafield><datafield ind1=" " ind2=" " tag="852"><subfield code="a">49028</subfield></datafield></record></collection>